@BOOK{Aitchison1982,
    AUTHOR  = "I. J. R. Aitchison and A. J. G. Hey",
    TITLE   = "{Gauge Tehories in Particle Physics}",
    PUBLISHER = "Adam hilger Ltd",
    VOLUME  = "",
    NOTE    = "ISBN 0-85274-534-6",
    YEAR    = "1982"}

@BOOK{Alonso1980,
    AUTHOR  = "Marcelo Alonso and Edward J. Finn",
    TITLE   = "{Fundamental University Physics. Mechanics and
                  thermodynamics, 2nd edition}",
    PUBLISHER = "Addison-Wesley publishing company",
    VOLUME  = "Volume 1",
    NOTE    = "ISBN 0-201-00161-6",
    YEAR    = "1980"}

@BOOK{Alonso1980,
    AUTHOR  = "Marcelo Alonso and Edward J. Finn",
    TITLE   = "{Fundamental University Physics. Fields amd waves, 2nd
                  edition}", 
    PUBLISHER = "Addison-Wesley publishing company",
    VOLUME  = "Volume 2",
    NOTE    = "",
    YEAR    = "1980"}

@BOOK{Andrews1987,
    AUTHOR  = "David G. Andrews and James R. Holton and Conway
                  B. Leovy",
    TITLE   = "{Middle atmosphere dynamics}", 
    PUBLISHER = "Academic Press, Inc.",
    VOLUME  = "",
    NOTE    = "ISBN 0-12-058576-6",
    YEAR    = "1987"}

@BOOK{Anton1981,
    AUTHOR  = "Howard Anton",
    TITLE   = "{Elementary Linear Algebra}", 
    PUBLISHER = "John Wiley \& Sons, Inc.",
    VOLUME  = "",
    NOTE    = "",
    YEAR    = "1981"}

@BOOK{Apostol1967,
    AUTHOR  = "Tom M. Apostol",
    TITLE   = "{Calculus}", 
    PUBLISHER = "John Wiley \& Sons, Inc.",
    VOLUME  = "1",
    NOTE    = "",
    YEAR    = "1967"}

@BOOK{Apostol1969,
    AUTHOR  = "Tom M. Apostol",
    TITLE   = "{Calculus}", 
    PUBLISHER = "John Wiley \& Sons, Inc.",
    VOLUME  = "2",
    NOTE    = "",
    YEAR    = "1969"}

@BOOK{Bohren1989,
    AUTHOR  = "Craig F. Bohren, Editor",
    TITLE   = "{Selected Papers on Scattering in the Atmosphere}",
    PUBLISHER = "SPIE Milestone Series, Volume MS 7",
    NOTE    = "ISBN 0-8194-0240-0",
    YEAR    = "1989"}

@BOOK{Bohren1998,
    AUTHOR  = "Craig F. Bohren and Donald R. Huffmann",
    TITLE   = "{Absorption and Scattering of Light by Small Particles}",
    PUBLISHER = "Wiley Science Paperback Series",
    NOTE    = "ISBN 0-471-29340-7",
    YEAR    = "1998"}

@BOOK{Bohren2006,
    AUTHOR  = "Craig F. Bohren and Eugene E. Clothiaux",
    TITLE   = "{Fundamentals of Atmospheric Radiation}",
    PUBLISHER = "Wiley-VCH",
    NOTE    = "ISBN-13 3-527-40503-9",
    YEAR    = "2006"}

@BOOK{Brasseur1986,
    AUTHOR  = "Guy Brasseur and Susan Solomon",
    TITLE   = "{Aeronomy of the middle atmosphere}",
    PUBLISHER = "D. Reidel Publishing Company",
    NOTE    = "ISBN 90-277-2343-5",
    YEAR    = "1986"}

@BOOK{Butkov1968,
    AUTHOR  = "Eugene Butkov",
    TITLE   = "{Mathematical Physics}", 
    PUBLISHER = "Addison Wesley Publishing Company",
    VOLUME  = "",
    NOTE    = "ISBN 0-201-00727-4",
    YEAR    = "1968"}

@BOOK{Chandrasekhar1960,
    AUTHOR  = "S. Chandrasekhar",
    TITLE   = "{Radiative Transfer}",
    PUBLISHER = "Dover, Mineola, N. Y.",
    NOTE    = "ISBN 0-486-60590-6",
    YEAR    = "1960"}

@BOOK{Cheng1984,
    AUTHOR  = "Ta-Pei Cheng and Ling-Fong Li",
    TITLE   = "{Gauge theory of elementary particle physics}",
    PUBLISHER = "Oxford science publications",
    NOTE    = "ISBN 0-19-851961-3",
    YEAR    = "1984"}

@BOOK{Close1979,
    AUTHOR  = "F. E. Close",
    TITLE   = "{An introduction to quarks and partons}",
    PUBLISHER = "Academic Press",
    NOTE    = "ISBN 0-12-175152-x",
    YEAR    = "1979"}

@BOOK{Eyges1972,
    AUTHOR  = "Leonard Eyges",
    TITLE   = "{Integral equations}",
    PUBLISHER = "Dover publication, Inc., New York",
    NOTE    = "ISBN 0-486-63947-9",
    YEAR    = "1972"}

@BOOK{Feder1988,
    AUTHOR  = "Jens Feder",
    TITLE   = "{Fractals}",
    PUBLISHER = "Plenum Press, New York",
    NOTE    = "ISBN 0-306-42851-2",
    YEAR    = "1988"}

@BOOK{Feynman2006,
    AUTHOR  = "Richard P. Feynman and Robert B. Leighton and Matthew
                  Sands",
    TITLE   = "{The Feynman Lectures on Physics, Definitive Edition,
                  Volume III}",
    PUBLISHER = "Pleason, Addison Wesley Publishing Company",
    NOTE    = "ISBN 0-8053-9049-9",
    YEAR    = "2006"}

@BOOK{Gautreau1978,
    AUTHOR  = "Ronald Gautreau and William Savin",
    TITLE   = "{Modern physics}",
    PUBLISHER = "Schaum's outline series",
    NOTE    = "ISBN 0-07-023062-5",
    YEAR    = "1978"}

@BOOK{Green1987,
    AUTHOR  = "M. B. Green and J. H. Schwarz and E. Witten",
    TITLE   = "{Superstring theory}",
    PUBLISHER = "Cambridge monographs on mathematical physics",
    NOTE    = "ISBN 0-521-32999-x",
    VOLUME  = "2",
    YEAR    = "1987"}

@BOOK{Hemmer1970,
    AUTHOR  = "P C. Hemmer",
    TITLE   = "{Statistisk Mekanikk}",
    PUBLISHER = "Tapir",
    NOTE    = "",
    VOLUME  = "",
    YEAR    = "1970"}

@BOOK{Henriksen1989,
    AUTHOR  = "Thormod Henriksen and S{\o}ren H. H. Larsen",
    TITLE   = "{Ozonlaget og UV-str{\aa}ling}",
    PUBLISHER = "Universitetsforlaget",
    NOTE    = "",
    VOLUME  = "",
    YEAR    = "1989"}

@BOOK{Holton1979,
    AUTHOR  = "James R. Holton",
    TITLE   = "{An Introduction to Dynamic Meterology}",
    PUBLISHER = "Academic Press, Inc.",
    NOTE    = "ISBN 0-12-354360-6",
    VOLUME  = "",
    YEAR    = "1979"}

@BOOK{Hulst1981,
    AUTHOR  = "H. C. van de Hulst",
    TITLE   = "{Light scattering by small particles}",
    PUBLISHER = "Dover Publications, Inc.",
    NOTE    = "ISBN 0-486-64228-3",
    VOLUME  = "",
    YEAR    = "1981"}

@BOOK{Jordan1987,
    AUTHOR  = "D. W. Jordan and P. Smith",
    TITLE   = "{Nonlinear ordinary differential equations}",
    PUBLISHER = "Oxford applied mathematics and computing science
                  series",
    NOTE    = "ISBN 0-19-859657-X",
    YEAR    = "1978"}

@BOOK{Kawrakow2003,
    AUTHOR  = "I. Kawarakow and D. W. O. Rogers",
    TITLE   = "{The EGSnrc Code System: Monte Carlo Simulation of Electron and Photon Transport}", 
    PUBLISHER = "http://www.irs.inms.nrc.ca/EGSnrc/EGSnrc.html",
    NOTE    = "NRCC Report PIRS-701",
    YEAR    = "2003"}

@BOOK{Kernighan1984,
    AUTHOR  = "Brian W. Kernighan and Rob Pike",
    TITLE   = "{The UNIX programming environment}",
    PUBLISHER = "Prentice-Hall software series",
    NOTE    = "ISBN 0-13-937681-X",
    YEAR    = "1984"}

@BOOK{Lamport1985,
    AUTHOR  = "Leslie Lamport",
    TITLE   = "{Latex}",
    PUBLISHER = "Addison-Wesley Publishing Company",
    NOTE    = "ISBN 0-201-15790-Xxs",
    YEAR    = "1985"}

@BOOK{Levine1992,
    AUTHOR  = "John R. Levine and Tony Mason and Doug Brown",
    TITLE   = "{lex \& yacc}",
    PUBLISHER = "O'Reilly \& Associates, Inc.",
    NOTE    = "ISBN 1-56592-000-7",
    YEAR    = "1992"}

@BOOK{Lindzen1990,
    AUTHOR  = "Richard S. Lindzen",
    TITLE   = "{dynamics in atmospheric physics}",
    PUBLISHER = "Cambridge University Press",
    NOTE    = "ISBN 1-521-36101-X",
    YEAR    = "1990"}

@BOOK{Lipschutz1965,
    AUTHOR  = "Seymour Lipschutz",
    TITLE   = "{General Topology}",
    PUBLISHER = "Schaum's outline series",
    NOTE    = "ISBN 07-037988-2",
    YEAR    = "1965"}

@BOOK{Metcalf1985,
    AUTHOR  = "Michael Metcalf",
    TITLE   = "{Effective fortran 77}",
    PUBLISHER = "Oxford science publications",
    NOTE    = "ISBN 0-19-853709-3",
    YEAR    = "1985"}

@BOOK{Mihalas1978,
    AUTHOR  = "Dimitri Mihalas",
    TITLE   = "{Stellar atmospheres}",
    PUBLISHER = "The University of Chicago Press",
    NOTE    = "ISBN 0-7167-0359-9",
    YEAR    = "1978"}

@BOOK{Millman1986,
    AUTHOR  = "Jacob Millman",
    TITLE   = "{Microelectronics: digital and analog circuits and
                  systems}",
    PUBLISHER = "McGraw-Hill Inc.",
    NOTE    = "ISBN 0-07-042327-X",
    YEAR    = "1986"}

@BOOK{Pruppacher1997,
    AUTHOR  = "Hans R. Pruppacher and James D. Klett",
    TITLE   = "{Microphysics of Clouds and Precipitation}",
    PUBLISHER = "Kluwer Academic Publishers",
    NOTE    = "ISBN-0.7923-4409-X",
    YEAR    = "1997"}

@BOOK{Rees1989B,
    AUTHOR  = "M H Rees",
    TITLE   = "{Physics and chemistry of the upper
                  atmosphere. !. Upper atmosphere}",
    PUBLISHER = "Cambridge University Press",
    NOTE    = "ISBN 0-521-32305-3",
    YEAR    = "1989"}

@BOOK{Reif1965,
    AUTHOR  = "Federick Reif",
    TITLE   = "{Statistical and thermal physics}",
    PUBLISHER = "McGraw-Hill Inc.",
    NOTE    = "ISBN 0-07-Y85615-X",
    YEAR    = "1965"}

@BOOK{Resnick1977,
    AUTHOR  = "Robert Resnick and David Halliday",
    TITLE   = "{Physics: Part 1}",
    PUBLISHER = "John Wiley \& Sons, Inc.",
    NOTE    = "",
    YEAR    = "1977"}

@book{Rodgers2000,
    author    = "Clive D. Rodgers",
    title     = "Inverse methods for atmospheric sounding, Theory and practice",
    publisher = "World Scientific Publishing Co. Ptc. Ltd.",
    year      = "2000",
}

@BOOK{Rogers1991,
    AUTHOR  = "R. R. Rogers and M. K. Yau",
    TITLE   = "{A short course in Cloud Physics}",
    PUBLISHER = "Pergamon Press",
    NOTE    = "ISBN 0-08-034863-7",
    YEAR    = "1991"}

@BOOK{Rottmann1991,
    AUTHOR  = "Karl Rottmann",
    TITLE   = "{Mathematische Formelsammlung}",
    PUBLISHER = "B.I.-Hochschultaschenbuch",
    NOTE    = "ISBN 3-411-70134-X",
    YEAR    = "1991"}

@BOOK{Seinfeld1998,
    AUTHOR  = "John H. Seinfeld and Spyros N. Pandis",
    TITLE   = "{Atmospheric Chemistry and Physics}",
    PUBLISHER = "John Wiley \& Sons, Inc.",
    NOTE    = "ISBN 0-471-17816-0",
    YEAR    = "1998"}

@BOOK{Sheriff1984,
    AUTHOR  = "R. E. Sheriff",
    TITLE   = "{Encyclopedic dictionary of exploration geophysics}",
    PUBLISHER = "Society of Exploration Geophysicists",
    NOTE    = "ISBN 0-931830-31-3",
    YEAR    = "1984"}

@BOOK{Smith1978,
    AUTHOR  = "G. D. Smith",
    TITLE   = "{Numerical solution of partial differential equations:
                  finite difference methods}",
    PUBLISHER = "Oxford applied mathematics adn computing science
                  series",
    NOTE    = "ISBN 0-19-859626-X",
    YEAR    = "1978"}

@BOOK{Stroustrup1993,
    AUTHOR  = "Bjarne Stroustrup",
    TITLE   = "{The C++ programming language}",
    PUBLISHER = "Addison-Wesley publishing company",
    NOTE    = "ISBN 0-201-53992-6",
    YEAR    = "1993"}

@BOOK{Trenberth1993,
    AUTHOR  = "Kevin E. Trenberth, Editor",
    TITLE   = "{Climate system modelling}",
    PUBLISHER = "Cambridge University Press",
    NOTE    = "ISBN 0-521-43231-6",
    YEAR    = "1993"}

@BOOK{Tricomi1985,
    AUTHOR  = "F. G. Tricomi",
    TITLE   = "{Integral equations}",
    PUBLISHER = "Dover publication, Inc., New York",
    NOTE    = "ISBN 0-486-64828-1",
    YEAR    = "1985"}

@BOOK{Villars1974,
    AUTHOR  = "Felix M. H. Villars and George B. Benedek",
    TITLE   = "{Physics with illustrative examples from medicine and
                  biology: Statistical physics}",
    PUBLISHER = "Addison-Wesley publishing company",
    NOTE    = "ISBN 0-201-00558-1",
    YEAR    = "1974"}

@BOOK{Wall1991,
    AUTHOR  = "Larry Wall and Randal L. Schwartz",
    TITLE   = "{Programming perl}",
    PUBLISHER = "O'Reilly \& Associates, Inc.",
    NOTE    = "ISBN 0-937175-64-1",
    YEAR    = "1991"}

@BOOK{Weinberger1965,
    AUTHOR  = "H. F. Weinberger",
    TITLE   = "{A first course in Parital Differential Equations}",
    PUBLISHER = "John Wiley \& Sons, Inc.",
    NOTE    = "ISBN 0-471-00623-8",
    YEAR    = "1965"}

@BOOK{Weyl1952,
    AUTHOR  = "Hermann Weyl",
    TITLE   = "{Space Time Matter}",
    PUBLISHER = "Dover Publications, Inc.",
    NOTE    = "ISBN 0-486-60267-2",
    YEAR    = "1952"}

@BOOK{Whalen1971,
    AUTHOR  = "Anthony D. Whalen",
    TITLE   = "{Detection of signals in noise}",
    PUBLISHER = "Academic Press, Inc.",
    NOTE    = "",
    YEAR    = "1971"}

@BOOK{Ogrim1980,
    AUTHOR  = "Otto {\O}grim",
    TITLE   = "{St{\o}rrelser og enheter i fysikken}",
    PUBLISHER = "Universitetsforlaget",
    NOTE    = "ISBN 82-00-02343-5",
    YEAR    = "1980"}

