@Book{Stull1988,
 author = {Stull, R. B.},
 title = {An Introduction to Boundary Layer Meteorology},
 publisher = {Kluwer Academic Publishers},
 year = {1988},
 address = {Boca Raton},
 isbn = {978-90-277-2768-8}
 }

@TechReport{FracLac,
    AUTHOR  = "Karperien, A.",
    TITLE   = "{FracLac for ImageJ}",
    institution = "National Institutes of Health, USA",
    url      = "http://rsb.info.nih.gov/ij/plugins/fraclac/FLHelp/Introduction.htm",
    YEAR    = "1999-2013"}

@TechReport{ImageJ,
    AUTHOR  = "Rasband, W.S.",
    TITLE   = "{ImageJ}",
    institution = " U. S. National Institutes of Health, Bethesda, Maryland, USA",
    url      = "https://imagej.nih.gov/ij/",
    YEAR    = "1997-2018"}

@ARTICLE{Silver2017,
   author = {{Silver}, D. and {Hubert}, T. and {Schrittwieser}, J. and {Antonoglou}, I. and
	{Lai}, M. and {Guez}, A. and {Lanctot}, M. and {Sifre}, L. and
	{Kumaran}, D. and {Graepel}, T. and {Lillicrap}, T. and {Simonyan}, K. and
	{Hassabis}, D.},
    title = "{Mastering Chess and Shogi by Self-Play with a General Reinforcement Learning Algorithm}",
  journal = {ArXiv e-prints},
archivePrefix = "arXiv",
   eprint = {1712.01815},
 primaryClass = "cs.AI",
 keywords = {Computer Science - Artificial Intelligence, Computer Science - Learning},
     year = 2017,
    month = dec,
   adsurl = {http://adsabs.harvard.edu/abs/2017arXiv171201815S},
  adsnote = {Provided by the SAO/NASA Astrophysics Data System}
}

@MISC{AMAP2011,
    AUTHOR  = "P.K. Quinn and A. Stohl and A. Arneth and
                  T. Berntsen and J. F. Burkhart and J. Christensen and
                  M. Flanner and K. Kupiainen and H. Lihavainen and
                  M. Shepherd and V. Shevchenko and H. Skov and and
                  V. Vestreng",
    TITLE   = "{AMAP, 2011. The Impact of Black Carbon on Arctic
                  Climate}",
    HOWPUBLISHED = "{Arctic Monitoring and Assessment Programme (AMAP), Oslo. 72 pp}",
    isbn = {ISBN â€“ 978-82-7971-069-1},
    YEAR    = "2011"}


@MISC{Anderson1986,
    AUTHOR  = "G.P. Anderson and S.A. Clough and F.X. Kneizys
                  and  J.H. Chetwynd and E.P. Shettle",
    TITLE   = "{AFGL atmospheric constituent profiles (0-120~km)}",
    HOWPUBLISHED = "{\it Tech. Rep. AFGL-TR-86-0110}, Air Force Geophys. Lab., Hanscom Air Force Base, Bedford, Mass.",
    YEAR    = "1986"}

@INPROCEEDINGS{Anderson1993,
    AUTHOR  = "G. P. Anderson and J. H. Chetwynd and
                  J.--M. Theriault and P. K. Acharya and A. Berk and
                  D. C. Robertson and F. X. Kneizys and M. L. Hoke and
                  L. W. Abreu and E. P. Shettle",
    TITLE   = "{MODTRAN2: Suitability for remote sensing}",
    BOOKTITLE = "{Atmospheric Propagation and Remote Sensing, SPIE Conf. Ser., {\rm vol. 1968}}",
    EDITOR  = "A. Kohnle and W. B. Miller",
    ORGANIZATION = "Soc. of Photo--Optical--Instrum. Eng., Bellingham, Wash.",
    PAGES   = "514--525",
    YEAR    = "1993"}

@INPROCEEDINGS{Bass1985,
    AUTHOR  = "A. M. Bass  and R. J. Paur",
    TITLE   = "{The ultraviolet cross--section of ozone, I, The measurements}",
    BOOKTITLE = "{Atmospheric Ozone: Proceedings of the  Quadrennial Ozone Symposium}",
    EDITOR  = "C. S. Zerefos and A. Ghazi",
    PUBLISHER = "D. Reidel, Norwell, Mass.",
    PAGES   = "601--606",
    YEAR    = "1985"}

@MISC{Bindoff2013,
    AUTHOR  = "Bindoff, N.L. and P.A. Stott and K.M. AchutaRao and
                  M.R. Allen and N. Gillett and D. Gutzler and
                  K. Hansingo and G. Hegerl and Y. Hu and S. Jain and
                  I.I. Mokhov and J. Overland and J. Perlwitz and
                  R. Sebbari and X. Zhang",
    TITLE   = "{Detection and Attribution of Climate Change: from
                  Global to Regional}",
    HOWPUBLISHED = "In: Climate Change 2013: The Physical Science
                  Basis. Contribution of Working Group I to the Fifth
                  Assessment Report of the Intergovernmental Panel on
                  Climate Change [Stocker, T.F., D. Qin,
                  G.-K. Plattner, M. Tignor, S.K. Allen, J. Boschung,
                  A. Nauels, Y. Xia, V. Bex and P.M. Midgley
                  (eds.)]. Cambridge University Press, Cambridge,
                  United Kingdom and New York, NY, USA",
    YEAR    = "2013"}


@INPROCEEDINGS{Booth1994,
    AUTHOR  = "C. R. Booth and T. Mestechnica and J. H. Morrow",
    TITLE   = "{Errors in the reporting of solar spectral irradiance
                  using moderate bandwidth radiometers and
                  experimental investigation}",
    BOOKTITLE = "{Ocean Optics XII, SPIE, {\rm vol. 2258}}",
    EDITOR  = "J. S. Jaffe",
    ORGANIZATION = "SPIE",
    PAGES   = "654-663",
    YEAR    = "1994"}

@TechReport{Borbas2010,
    AUTHOR  = "E. E. Borbas and  B. C. Ruston.",
    TITLE   = "{The RTTOV UWiremis IR land surface emissivity module}",
    institution = "NWP SAF report, http://research.metoffice.gov.uk/research/interproj/nwpsaf/vs\_reports/nwpsaf-mo-vs-042.pdf",
    YEAR    = "2010"}

@TechReport{deHaan2003,
    AUTHOR  = "J. F. {de Haan}",
    TITLE   = "{Accounting for Raman scattering in DOAS}",
    institution = "SN-OMIE-KNMI-409",
    YEAR    = "2003"}

@TechReport{deLaat2012,
    AUTHOR  = "A.T.J. {de LaaT} and R.J. {van der A De Bilt}",
    TITLE   = "{Validation and evaluation of SEVIRI volcanic ash heights}",
    institution = "KNMI, TR-337",
    url      = " http://www.knmi.nl/~laatdej/TR337.pdf",
    YEAR    = "2012"}

@MISC{DeMore1994,
    AUTHOR  = "W. B. DeMore and S. P. Sander and D. M. Golden and
                  R. F. Hampson and M. J. Kurylo and C. J. Howard and
                  A. R. Ravishankara and C. E. Kolb and M. J. Molina",
    TITLE   = "{Chemical kinetics and photochemical data for use in
                  stratospheric modeling. Evaluation number 11}",
    HOWPUBLISHED = "{JPL publication 94-26}",
    YEAR    = "1994"}

@MISC{Draine2012,
    AUTHOR  = "B. T. Draine and P. J. Flatau",
    TITLE   = "{User Guide to the Discrete Dipole Approximation Code
                  DDSCAT 7.2}",
    URL = {http://arXiv.org/abs/1202.3424},
    YEAR    = "2012"}

@MISC{EC2001,
    AUTHOR  = "European Commision",
    TITLE   = "{European research in the stratosphere 1996-2000}",
    HOWPUBLISHED = "{ISBN 92-894 1398-0}",
    YEAR    = "2001"}

@MISC{Edwards1992,
     AUTHOR = "D. P. Edwards",
     TITLE  = "GENLN2: A general line-by-line atmospheric
                  transmittance and radiance model: Version 3.0
                  description and users guide",
     HOWPUBLISHED = "{National Center for Atmospheric Research (NCAR),
                  NCAR/TN-367+STR, Boulder, Colorado}",
     YEAR   = "1992"}

@MISC{Elterman1968,
    AUTHOR  = "L. Elterman",
    TITLE   = "{UV, visible, and IR attenuation for altiutdes to 50
                  km}",
    HOWPUBLISHED = "Air Force Cambridge Research Laboratories,
                  Environmental Research Papers No. 285, Bedford,
                  Mass., 56 pp",
    YEAR    = "1968"}

@MISC{Gardiner1995,
    AUTHOR  = "B. G. Gardiner and P. J. Kirsch",
    TITLE   = "{Setting standards for European ultraviolet spectroradiometers}",
    HOWPUBLISHED = "{\it Air Pollut. Res. Rep. 53}, Comm. of Eur. Commun., Brussels, Belgium",
    YEAR    = "1995"}

@MISC{IACA2010,
    AUTHOR  = "{International Air Carrier Association (IACA)}",
    TITLE   = "{Volcanic Ash - flying into areas of known or
                  forecasted volcanic ash contamination}",
    URL = {http://www.iaca.be/php/issues/index.php?doc_id=3688},
    YEAR    = "2010"}

@MISC{ICNIRP1995,
    AUTHOR  = "{International Commision on Non-Ionizing Radiation Protection}",
    TITLE   = "{Global Solar UV Index}",
    HOWPUBLISHED = "{ISBN 3-9804789-0-4}",
    YEAR    = "1995"}

@INPROCEEDINGS{IPCCChapter07,
    AUTHOR  = "O. Boucher and D. Randall and P. Artaxo and
                  C. Bretherton and G. Feingold and P. Forster and
                  V.-M. Kerminen and Y. Kondo and H. Liao and
                  U. Lohmann and P. Rasch and S.K. Satheesh and
                  S. Sherwood and B. Stevens and  X.Y. Zhang",
    TITLE   = "{Clouds and Aerosols}",
    BOOKTITLE = "{Climate Change 2013: The
                  Physical Science Basis. Contribution of Working
                  Group I to the Fifth Assessment Report of the
                  Intergovernmental Panel on Climate Change}",
    EDITOR  = " Stocker, T.F. and D. Qin and G.-K. Plattner and
                  M. Tignor and S.K. Allen and J. Boschung and
                  A. Nauels and Y. Xia and V. Bex and
                  P.M. Midgley",
    PUBLISHER = "Cambridge University Press, Cambridge, United Kingdom
                  and New York, NY, USA",
    YEAR    = "2013"}

@MISC{Kak2001,
    AUTHOR  = "{A. C. Kak and Malcolm Slaney}",
    TITLE   = "{Principles of Computerized Tomographic Imaging}",
    PUBLISHER = "Society of Industrial and Applied Mathematics",
    URL = {http://www.slaney.org/pct/},
    YEAR    = "2001"}

@MISC{Key1999,
    AUTHOR  = "J. R. Key",
    TITLE   = "{Streamer - User's Guide}",
    HOWPUBLISHED = "{NOAA/NESDIS/ORA/ARAD/ASPT Cooperative Institute
                  for Meteorological Satellite Studies, University of
                  Wiconson, Madison, available at
                  {http://stratus.ssec.wisc.edu/streamer/streamer.html }}",
    YEAR    = "1995"}
@article{Kok2011,
author = {Kok, Jasper F.},
title = {A scaling theory for the size distribution of emitted dust
                  aerosols suggests climate models underestimate the
                  size of the global dust cycle},
volume = {108},
number = {3},
pages = {1016-1021},
year = {2011},
doi = {10.1073/pnas.1014798108},
URL = {http://www.pnas.org/content/108/3/1016.abstract},
eprint = {http://www.pnas.org/content/108/3/1016.full.pdf},
journal = {Proceedings of the National Academy of Sciences}
}

@INPROCEEDINGS{Kurucz1992,
    AUTHOR  = "R. L. Kurucz",
    TITLE   = "{Synthetic infrared spectra}",
    BOOKTITLE = "{Infrared Solar Physics}",
    EDITOR  = "D.M. Rabin and J.T. Jefferies",
    PUBLISHER = "IAU Symp. 154, Kluwer, Acad., Norwell, MA ",
    YEAR    = "1992"}

@TechReport{KyllingNVAP2013,
    AUTHOR  = "A. Kylling",
    TITLE   = "{WP 1.4.2, Improved detection of ash clouds}",
    institution = "NILU-Norwegian Institute for Air Research",
    YEAR    = "2013"}

@INPROCEEDINGS{Madronich1997,
    AUTHOR  = "S. Madronich and S. Flocke",
    TITLE   = "{Theoretical estimation of biologically effective UV
                  radiation at the Earth's surface}",
    BOOKTITLE = "{Solar Ultraviolet Radiation -- Modeling,
                  Measurements and Effects}",
    EDITOR  = "C. S. Zerefos",
    PUBLISHER = "NATO ASI Series Vol. I52, Springer--Verlag, Berlin",
    YEAR    = "1997"}

@InProceedings{mayer99a,
  author = 	 {Mayer, Bernhard},
  title = 	 {{I3RC phase 1 results from the MYSTIC Monte Carlo model}},
  booktitle = 	 {Intercomparison of three-dimensional radiation
                  codes: Abstracts of the first and second
                  international workshops},
  publisher =    {University of Arizona Press},
  note =         {ISBN 0-9709609-0-5},
  year =	 1999,
  file =         {mayer/mayer99a.pdf}
}

@InProceedings{mayer2000b,
  author = 	 {Mayer, Bernhard},
  title = 	 {{I3RC phase 2 results from the MYSTIC Monte Carlo model}},
  booktitle = 	 {Intercomparison of three-dimensional radiation
                  codes: Abstracts of the first and second
                  international workshops},
  publisher =    {University of Arizona Press},
  note =         {ISBN 0-9709609-0-5},
  year =	 2000,
  file =         {mayer/mayer2000b.pdf}
}

@MISC{Mayer1999t,
    AUTHOR  = "Bernhard Mayer",
    TITLE   = "{I3RC phase 1 results from the MYSTIC MonteCarlo model}",
    HOWPUBLISHED = "{I3RC (Intercomparison of 3D radiation codes)
                  workshop, Tucson, Arizona, November 17--19}",
    YEAR    = "1999"}


@MISC{Mayer2000t,
    AUTHOR  = "Bernhard Mayer",
    TITLE   = "{I3RC phase 2 results from the MYSTIC MonteCarlo model}",
    HOWPUBLISHED = "{I3RC (Intercomparison of 3D radiation codes)
                  workshop, Tucson, Arizona, November 15--17}",
    YEAR    = "2000"}

@MISC{MyhreIPCC2013,
    AUTHOR  = "Myhre, G. and D. Shindell and  F.-M. BrÃ©on and
                  W. Collins and  J. Fuglestvedt and  J. Huang and
                  D. Koch and  J.-F. Lamarque and  D. Lee and
                  B. Mendoza and T. Nakajima and  A. Robock and
                  G. Stephens and  T. Takemura and H. Zhang",
    TITLE   = "{Anthropogenic and Natural Radiative Forcing}",
    HOWPUBLISHED = "In: Climate Change 2013: The Physical Science
                  Basis. Contribution of Working Group I to the Fifth
                  Assessment Report of the Intergovernmental Panel on
                  Climate Change [Stocker, T.F., D. Qin,
                  G.-K. Plattner, M. Tignor, S.K. Allen, J. Boschung,
                  A. Nauels, Y. Xia, V. Bex and P.M. Midgley
                  (eds.)]. Cambridge University Press, Cambridge,
                  United Kingdom and New York, NY, USA",
    YEAR    = "2013"}

@MISC{NCARCAM42010,
    AUTHOR  = "Richard B. Neale and Jadwiga H. Richter and Andrew
                  J. Conley and Sungsu Park and Peter H. Lauritzen and
                  Andrew Gettelman and David L. Williamson and Philip
                  J. Rasch and Richland, Washington and Stephen
                  J. Vavrus and Mark A. Taylor and William D. Collins
                  and Minghua Zhang and Shian-Jiann Lin",
    TITLE   = "{Description of the NCAR Community Atmosphere Model
                  (CAM 4.0)}",
    HOWPUBLISHED = "NCAR/TN-485+STR, NCAR TECHNICAL NOTE",
    URL="http://www.cesm.ucar.edu/models/ccsm4.0/cam/",
    YEAR    = "2010"}

@MISC{Prata1993a,
    AUTHOR  = "Alfred J. Prata and Ian J. Barton",
    TITLE   = "{Detection and discrimination of volcanic ash clouds by
                  infrared radiometry-I: Theory}",
    HOWPUBLISHED = "{In: Casadevall. T- (Ed.), Proceedings of the
                  First International Symposium on Volcanic Ash and
                  Aviation Safety}",
    YEAR    = "1993"}

@MISC{Prata2013b,
    AUTHOR  = "Fred Prata",
    TITLE   = "{Detecting and Retrieving Volcanic Ash from SEVIRI
                  Measurements Algorithm Theoretical Basis Document}",
    URL = "{http://vast.nilu.no/media/cms_page_media/5/VAST_ATBD_SEVIRI_Ash_v1.0_NILU_1.pdf}",
    YEAR    = "2013"}


@INPROCEEDINGS{Quinn2015,
    AUTHOR  = "P. K.  Quinn and A. {Stohl (coordinating lead authors)}
                  and S. Arnold and  A. Baklanov and T. K. Berntsen
                  and  J. H. Christensen and S. Eckhardt and
                  M. Flanner and Z. Klimont and U. S. Korsholm and
                  K. Kupiainen and J. Langner and K. Law and S. Monks
                  and K. von Salzen and M. Sand and J. Schmale and
                  V. {Vestreng (lead authors)}",
    BOOKTITLE   = "{AMAP Assessment 2015}",
    TITLE   = "{Black carbon and ozone as Arctic climate forcers}",
    ISBN = "978-82-7971-092-9",
    PAGES = "vii + 116",
    PUBLISHER = "Arctic Monitoring and Assessment Programme (AMAP),
                  Oslo, Norway",
    YEAR    = "2015"}

@MISC{Rose2004,
    AUTHOR  = "Rose, W. I. and  G. J. S. Bluth and I. M. Watson",
    TITLE   = "{Ice in volcanic clouds: When and Where?}",
    HOWPUBLISHED = "{Proceedings of the 2nd International Conference
                  on Volcanic Ash and Aviation Safety, OFCM Washington D. C., Session 3,
                  61}",
    YEAR    = "2004"}

@MISC{Rozanov2006misc,
    AUTHOR  = "Rozanov, V.V.",
    TITLE   = "{Adjoint radiative transfer equation and inverse problems}",
    HOWPUBLISHED = "{In Light Scattering Reviews, A.A. Kokhanovsky
                  (Ed.), pp. 339-392 (Berlin: Springer-Praxis).}",
    YEAR    = "2006"}

@MISC{Rozanov2007misc,
    AUTHOR  = "Rozanov, V.V. and Rozanov, A.V. and Kokhanovsky, A.A.",
    TITLE   = "{Derivatives of the radiative field and their
                  application to the solution of inverse problems}",
    HOWPUBLISHED = "{In Light Scattering Reviews, A.A. Kokhanovsky
                  (Ed.), pp. 205-268 (Berlin: Springer-Praxis).}",
    YEAR    = "2007"}

@article {Shao2000,
author = {Shao, Yaping and Lu, Hua},
title = {A simple expression for wind erosion threshold friction
                  velocity},
journal = {Journal of Geophysical Research: Atmospheres},
volume = {105},
number = {D17},
issn = {2156-2202},
url = {http://dx.doi.org/10.1029/2000JD900304},
doi = {10.1029/2000JD900304},
pages = {22437--22443},
year = {2000},
}

@MISC{Shettle1989,
    AUTHOR  = "E. P. Shettle",
    TITLE   = "{Models of aerosols, clouds and precipitation for
                  atmospheric propagation studies}",
    HOWPUBLISHED = "paper presented at Conference on Atmospheric
                  Propagation in the UV, Visible, IR and MM-Region and
                  Related System Aspects, NATO Adv. Group for Aerosp. Res. and Dev., Copenhagen",
    YEAR    = "1989"}

@MISC{Stamnes2000_ver1.1,
    AUTHOR  = "Knut Stamnes and Si-Chee Tsay and Warren Wiscombe and
                  Istvan Laszlo",
    TITLE   = "{DISORT, a general-purpose fortran program for
                  discrete-ordinate-method radiative transfer in
                  scattering end emitting layered media: documentation
                  and methodology}",
    HOWPUBLISHED = "available from ftp://climate1.gsfc.nasa.gov/wiscombe/Multiple\_Scatt/",
    YEAR    = "2000"}

@Book{lide2009crc,
 author = {Lide, David},
 title = {Crc Handbook of Chemistry and Physics, 90th Edition},
 publisher = {CRC},
 year = {2009},
 address = {Boca Raton},
 isbn = {9781420090840}
 }

@article{wittmann2017,
  title={Impact of dust deposition on the albedo of Vatnaj{\"o}kull
                  ice cap, Iceland},
  author={Wittmann, Monika and Zwaaftink, Christine Dorothea Groot and
                  Schmidt, Louise Steffensen and Gu{\dh}mundsson,
                  Sverrir and P{\'a}lsson, Finnur and Arnalds, Olafur
                  and Bj{\"o}rnsson, Helgi and Thorsteinsson, Throstur
                  and Stohl, Andreas},
  journal={The Cryosphere},
  volume={11},
  number={2},
  pages={741},
  year={2017},
  publisher={Copernicus GmbH}
}