@STRING{AA="Astron. Astrophys."}
@STRING{ACPD="Atmos. Chem. Phys. Disc."}
@STRING{AAS="Adv. Atmospheric Sciences"}
@STRING{AE="Atmospheric Environment"}
@STRING{AG="Annales Geophysicae"}
@STRING{AJ="The Astrophysical Journal"}
@STRING{AM="Ambio"}
@STRING{AO="Appl. Opt."}
@STRING{AR="Atmospheric Research"}
@STRING{AREE="Annu. Rev. Energy Environ."}
@STRING{ASR="Adv. Space Res."}
@STRING{ASS="Astrophysics and Space Science"}
@STRING{ATO="Atmosphere--Ocean"}
@STRING{BPA="Beitr. Phys. Atmosph."}
@STRING{BV="Bull. Volcanol."}
@STRING{CAP="Cont. Atmos. Physics"}
@STRING{CC="Computers Chem."}
@STRING{CD="Climate Dynamics"}
@STRING{CIE="CIE J."}
@STRING{CPL="Chem. Phys. Lett."}
@STRING{DSR="Deep Sea Res."}
@STRING{ER="Environ. Rev."}
@STRING{EST="Environ. Sci. Tech."}
@STRING{ET="Eos, Transactions"}
@STRING{ETECH="Environmental Technology"}
@STRING{GBC="Global Biogeochem. Cycles"}
@STRING{GN="Geophysica Norvegica"}
@STRING{GRL="Geophys. Res. Lett."}
@STRING{GS="Geophysical Surveys"}
@STRING{I = "ICARUS"}
@STRING{IJRS = "Int. J. Remote Sensing"}
@STRING{JAC = "J. of Atmospheric Chemistry"}
@STRING{JAM = "J. of Applied Meteorology"}
@STRING{JAOT = "J. Atm. Ocean Technol."}
@STRING{JAS = "J. of Atmospheric Sciences"}
@STRING{JASTP = "J. of Atmos. Solar--Terr. Phys."}
@STRING{JATP = "J. of Atmos. Terr. Phys."}
@STRING{JC = "J. of Climate"}
@STRING{JCAM = "J. of Climate and Appl. Meteor."}
@STRING{JCP = "J. Chem. Phys."}
@STRING{JCOP = "J. Comp. Phys."}
@STRING{JGR="J. Geophys. Res."}
@STRING{JMA="J. Math. Phys."}
@STRING{JMSJ="J. Met. Soc. of Japan"}
@STRING{JOSA="J. Opt. Soc. Am."}
@STRING{JP="J. of Photochemistry"}
@STRING{JPO="J. Phys. Oceanogr."}
@STRING{JQSRT="J. Quant. Spectrosc. Radiat. Transfer"}
@STRING{LO="Limnol. Oceanogr."}
@STRING{MAP="Meteorol. Atmos. Phys."}
@STRING{MEPS="Mar. Ecol. Prog. Ser."}
@STRING{MET="Metrologia"}
@STRING{MIC="Modelling, identification and control"}
@STRING{MNRAS="Mon. Not. R. Astr. Soc"}
@STRING{MWR="Monthly Weather Review"}
@STRING{N="Nature"}
@STRING{NSE="Nuclear Science and Engineering"}
@STRING{O="Oceanography"}
@STRING{OA="Optica Acta"}
@STRING{OE="Optical Engineering"}
@STRING{OL="Origins of Life"}
@STRING{PAG="Pure and Applied Geophysics"}
@STRING{PASJ="Pub. Astron. Soc. of Japan"}
@STRING{PHILA="Phil. Trans. R. Soc. Lond. A"}
@STRING{PLA="Physics Letters A"}
@STRING{PLB="Physics Letters B"}
@STRING{PR="Physical Review"}
@STRING{PRD="Physical Review D"}
@STRING{PP="Photochemistry and Photobiology"}
@STRING{PD="Photodermatology"}
@STRING{PSS="Planet. Space Sci."}
@STRING{PROCA="Proc. R. Soc. Lond. A"}
@STRING{PROCB="Proc. R. Soc. Lond. B"}
@STRING{QJRMS="Q. J. R. Meteorol. Soc."}
@STRING{RG="Reviews of Geophysics"}
@STRING{RGSP="Rev. Geophys. Space Phys."}
@STRING{RMP="Rev. Modern. Phys."}
@STRING{RS="Radio Science"}
@STRING{RSE="Remote Sensing of environment"}
@STRING{S="Science"}
@STRING{SG="Surveys in Geophysics"}
@STRING{SP="Solar Physics"}
@STRING{SPJ="Sov. Phys.--JETP"}
@STRING{SSR="Space Science Reviews"}
@STRING{T="Tellus"}
@STRING{TAC="Theor. Appl. Climatol."}
@STRING{ZN="Z. Naturforsch."}


@ARTICLE{Ardeshiri2019,
    AUTHOR  = "H. Ardeshiri and S. Y. Park and M. Cassiani and
                  A. Stohl and K. Stebel and I. Pisso and
                  A. S. Dinger",
    TITLE   = "{Effects of grid resolution on large eddy simulation of
                  plume dispersion in an infinite-$Re$ neutral boundary
                  layer}",
    JOURNAL = "Submitted to Journal of Fluid Mechanics",
    VOLUME  = "",
    YEAR    = "2019",
    PAGES   = ""}

@ARTICLE{Avaste1973,
    AUTHOR  = "O. A. Avaste and G. M. Vainikko",
    TITLE   = "{Solar radiative transfer in broken clouds}",
    JOURNAL = "Izv. Acad Sci. USSR, Atmos. Oceanic Phys.",
    VOLUME  = "10",
    YEAR    = "1973",
    PAGES   = "1054--1061"}

@ARTICLE{Baglin1987,
    AUTHOR  = "C. Baglin and S. Baird and G. Bassompierre and
                  G. Borreani and J.--C. Brient and C. Broll and
                  J.--M. Brom and L. Bugge and T. Buran and
                  J.--P. Burq and A. Bussi{\`e}re and A. Buzzo and
                  R. Cester and M. Chemarin and M. Chevallier and
                  B. Escoubes and J. Fay and S. Ferroni and V. Gracco
                  and J.--P. Guillaud and E. Khan--Aronsen and
                  K. Kirsebom and A. Kylling and B. Ille and
                  M. Lambert and L. Leistam and A. Lundby and M. Macri
                  and F. Marchetto and E. Menichetti and Ch. M{\"o}rch
                  and B. Mouellic and D. Olsen and N. Pastrone and
                  L. Petrillo and M. G. Pia and J. Poole and M. Poulet
                  and G. Rinaudo and A. Santroni and M. Severi and
                  G. Skjevling and B. Stugu",
    TITLE   = "{Angular distributions in the reactions $\overline{p}p
                  \rightarrow \chi_{1,2} \rightarrow \gamma\psi\rightarrow \gamma
                  e^+ e^-$}",
    JOURNAL = PLB,
    VOLUME  = "187",
    YEAR    = "1987",
    PAGES   = "191"}

@ARTICLE{Barnaba2004,
    AUTHOR  = "F. Barnaba and G.P. Gobbi",
    TITLE   = "{Modeling the aerosol extinction versus backscatter
                  relationship in a mixed maritime-continental
                  atmosphere: Lidar application and validation}",
    JOURNAL = JAOT,
    VOLUME  = "",
    YEAR    = "2004",
    PAGES   = "accepted"}

@Article{Gliss2017b,
AUTHOR = {J. Gliß and K. Stebel and A. Kylling and A. Sudbø},
TITLE = {Optical flow gas velocity retrievals in plumes --
                  Implications for SO$_2$-emission-rate retrievals using
                  UV cameras. A case study in two volcanic plumes from
                  Mt. Etna, Italy, and Guallatiri, Chile},
JOURNAL = {Atmospheric Chemistry and Physics Discussions},
VOLUME = {2017},
YEAR = {2017},
PAGES = {?--?},
URL = {?},
DOI = {?}
}

@ARTICLE{Cantrell1990,
    AUTHOR  = "C. A. Cantrell and J. A Davidson and A. H. McDaniel and
                  R. E Shetter and J. G. Calvert",
    TITLE   = "{Temperature-dependent formaldehyde cross sections in
                  the near-ultraviolet spectral region}",
    JOURNAL = JCP,
    VOLUME  = "94",
    YEAR    = "1990",
    PAGES   = "3902-3908"}

@ARTICLE{Caudill1997,
    AUTHOR  = "T. R. Caudill and D. E. Flittner and B. M. Herman and
                  O. Torres and R. D. McPeters",
    TITLE   = "{Evaluation of the pseudo--spherical approximation for
                  backscattered ultraviolet radiances and ozone
                  retrieval}",
    JOURNAL = JGR,
    VOLUME  = "102",
    YEAR    = "1997",
    PAGES   = "3881--3890"}

@ARTICLE{Celik_etal-2009,
    AUTHOR  = "I.B. Celik and  M. Klein and J. Janicka",
    TITLE   = "{Assessment measures for engineering les application}",
    JOURNAL = "J. Fluid Eng",
    VOLUME  = "131(3)",
    YEAR    = "2009",
    PAGES   = "031102"}

@ARTICLE{Cox1982,
    AUTHOR  = "R. A. Cox and D. W. Sheppard and M. P. Stevens",
    TITLE   = "{Absorption coefficients and kinetics of the BrO
                  radical using molecular modulation}",
    JOURNAL = JP,
    VOLUME  = "19",
    YEAR    = "1982",
    PAGES   = "189-207"}

@ARTICLE{Deardorff-1973,
    AUTHOR  = "J.W. Deardorff",
    TITLE   = "{The use of subgrid transport equations in a
                  three-dimensional model of atmospheric turbulence}",
    JOURNAL = "J. Fluid Eng",
    VOLUME  = "95",
    YEAR    = "1973",
    PAGES   = "429--438"}

@INBOOK{Dobson,
    AUTHOR  = "G. M. B. Dobson",
    TITLE   = "{Observers Handbook for the Ozone Spectrophotometer}",
    SERIES  = "Reproduced from the Annals of the International Geophysical Year, Vols. V and XVI",
    PUBLISHER   = "Pergamon Press, London, New York",
    YEAR    = "1957"}

@Article{Dragosics2016b,
AUTHOR = {Dragosics, M. and C. D. Groot Zwaaftink and
                  L. Steffensen-Schmidt and
                  S. Guðmundsson and F. Pálsson and O. Arnalds and
                  H. Björnsson and T. Thorsteinsson and A. Stohl},
TITLE = {Impact of dust deposition on the albedo of Vatnajökull ice cap, Iceland},
JOURNAL ={The Cryosphere},
VOLUME = {submitted},
YEAR = {2016},
}

@Article{Emde2015,
AUTHOR = {Emde, C. and Buras-Schnell, R. and Kylling, A. and Mayer, B. and Gasteiger, J. and Hamann, U. and Kylling, J. and Richter, B. and Pause, C. and Dowling, T. and Bugliaro, L.},
TITLE = {The libRadtran software package for radiative transfer calculations (Version 2.0)},
JOURNAL = {Geoscientific Model Development Discussions},
VOLUME = {8},
YEAR = {2015},
NUMBER = {12},
PAGES = {10237--10303},
URL = {http://www.geosci-model-dev-discuss.net/8/10237/2015/},
DOI = {10.5194/gmdd-8-10237-2015}
}

@ARTICLE{FuQ1992,
    AUTHOR  = "Q. Fu and K.N. Liou",
    TITLE   = "{On the correlated k-distribution method for radiative
                  transfer in nonhomogeneous atmospheres}",
    JOURNAL = "J. Atmos. Sci.",
    VOLUME  = "49",
    YEAR    = "1992",
    PAGES   = "2139-2156"}

@ARTICLE{GabrielPM1993,
    AUTHOR  = "P. M. Gabriel and S. C. Tsay and G. L. Stephens",
    TITLE   = "{A Fourier-Ricati approach to radiative transfer. Part
                  I: Foundations}",
    JOURNAL = "J. Atmos. Sci.",
    VOLUME  = "50",
    YEAR    = "1993",
    PAGES   = "3125--3147"}

@ARTICLE{Gobbi2003,
    AUTHOR  = "G. P. Gobbi and F. Barnaba and L. Ammannato",
    TITLE   = "{The vertical distribution of aerosols, Saharan dust
                  and cirrus clouds at Rome (Italy) in the year
                  2001}",
    JOURNAL = ACPD,
    VOLUME  = "3",
    YEAR    = "2003",
    PAGES   = "5755-5775"}

@ARTICLE{Goldman1992,
  AUTHOR = 	 {Goldman, A. and Murcray, F. J. and Rinsland,
                  C. P. and Blatherwick, R. D. and David, S. J. and
                  Murcray, F. H. and Murcray, D. G.},
  TITLE = 	 {Mt. Pinatubo SO$_{2}$ column measurements from Mauna Loa},
  JOURNAL = 	 {GRL},
  YEAR = 	 1992,
  VOLUME =	 19,
  PAGES =	 {183--186}
}

@Article{GrootZwaaftink2016,
AUTHOR = {C. D. {Groot Zwaaftink} and H. Grythe and H. Skov and A. Stohl},
TITLE = {Significant contribution of high-latitude sources to mineral
                  dust in the Arctic},
JOURNAL = 	 {J. Geophys. Res},
VOLUME = {submitted},
YEAR = {2016},
}

@article {Ham2014,
author = {Ham, Seung-Hee and Kato, Seiji and Barker, Howard W. and Rose, Fred G. and Sun-Mack, Sunny},
title = {Effects of 3-D clouds on atmospheric transmission of solar radiation: Cloud type dependencies inferred from A-train satellite data},
journal = {Journal of Geophysical Research: Atmospheres},
volume = {119},
number = {2},
issn = {2169-8996},
url = {http://dx.doi.org/10.1002/2013JD020683},
doi = {10.1002/2013JD020683},
pages = {943--963},
keywords = {3D, ICA, CERES, MODIS, CloudSat, CALIPSO},
year = {2014},
}

@ARTICLE{Hansen1999,
  AUTHOR = 	 {Georg Hansen and Martyn P. Chipperfield},
  TITLE = 	 {Ozone depletion at the edge of the Arctic polar
                  vortex 1996/1997 },
  JOURNAL = 	 {JGR},
  YEAR = 	 1999,
  VOLUME =	 104,
  PAGES =	 {1837--1845}
}

@ARTICLE{Herman1999,
    AUTHOR  = "J. R. Herman and N. Krotkov and E. Celarier and G. Labow",
    TITLE   = "{The distribution of UV radiation at the Earth's
                  surface from TOMS measured UV-backscattered radiances}",
    JOURNAL = "JGR",
    VOLUME  = "104",
    YEAR    = "1999",
    PAGES   = "12059--??"}

@ARTICLE{Hoiskar2002,
    AUTHOR  = "B. A. K. H{\o}iskar and R. Haugen and T. Danielsen and
                  A. Kylling and  K. Edvardsen and A. Dahlback and
                  B. Johnsen and M. Blumthaler and J. Schreder",
    TITLE   = "{A new multichannel moderate bandwidth filter
                  instrument for the measurement of the ozone column,
                  cloud transmittance and UV doserates}",
    JOURNAL = AO,
    VOLUME  = "submitted",
    YEAR    = "2002",
    PAGES   = ""}

@ARTICLE{Ireland1996,
    AUTHOR  = "W. Ireland and R. Sacher",
    TITLE   = "{ The angular distribution of solar ultraviolet,
                  visible and near-infrared radiation from cloudless
                  skies}",
    JOURNAL = PP,
    VOLUME  = "63",
    YEAR    = "1996",
    PAGES   = "483-486"}

@ARTICLE{Jakel2004,
  author = 	 {E. J{\"a}kel and M. Wendisch and A. Kniffka and T. Trautmann},
  title  = 	 "{A new airborne system for fast measurements of up-
                  and downwelling spectral actinic flux densities}",
  journal = 	 AO,
  year = 	 2004,
  volume =	 "",
  pages =        "accepted"
}


@ARTICLE{Johnsen2001,
    AUTHOR  = "Bj{\o}rn Johnsen and Oddbj{\o}rn Mikkelborg and Merete
                  Hannevik and Lill T.  N.  Nilsen and Gunnar
                  Saxeb{\o}l",
    TITLE   = "{The }",
    JOURNAL = "AO",
    VOLUME  = "?",
    YEAR    = "2001",
    PAGES   = "?-?"}

@ARTICLE{Jones2007,
    AUTHOR  = "A. R. Jones and D. J. Thomson and M. Hort and
                  B. Devenish",
    TITLE   = "{The U.K. Met Office's next-generation atmospheric
                  dispersion model, NAME III}",
    JOURNAL = "Air Pollut. Model. Appl. XVII",
    VOLUME  = "6",
    YEAR    = "2007",
    PAGES   = "580--589"}

@ARTICLE{Kalliskota2000,
    AUTHOR  = "Sari Kalliskota and Jussi Kaurola and Petteri Taalas
                  and Jay R. Herman and Edward A. Celarier and Nikolay
                  A. Krotkov",
    TITLE   = "{Comparison of daily UV doses estimated from Nimbus
                  7/TOMS measurements and ground-based
                  spectroradiometric data}",
    JOURNAL = JGR,
    VOLUME  = "105",
    YEAR    = "2000",
    PAGES   = "5059-5067"}

@ARTICLE{Kaufman1994,
    AUTHOR  = "Y. J. Kaufman and A. Gitelson and E. Ganor and
                  R. S. Fraser and T. Nakajima and S. Mattoo and
                  B. N. Holben",
    TITLE   = "{Sice distribution and scattering phase function of
                  aerosol particles retrieved from sky brightness
                  measurements}",
    JOURNAL = JGR,
    VOLUME  = "99",
    YEAR    = "1994",
    PAGES   = "10341-10356"}

@ARTICLE{Kelley1995,
    AUTHOR  = "P. Kelley and R. R. Dickerson and W. T. Luke and
                  G. L. Kok",
    TITLE   = "{Rate of NO$_2$ photolysis from the surface to 7,6 km
                  altitude in clear-sky and clouds}",
    JOURNAL = GRL,
    VOLUME  = "22",
    YEAR    = "1995",
    PAGES   = "2621-2624"}

@ARTICLE{Kratz1995,
    AUTHOR  = "David P. Kratz and Prasad Varanasi",
    TITLE   = "{The correlated k-distribution technique as applied to
                  the AVHRR channels}",
    JOURNAL = JQSRT,
    VOLUME  = "53",
    YEAR    = "1995",
    PAGES   = "501--517"}

@ARTICLE{Lovejoy1990,
    AUTHOR  = "S. A. Lovejoy and A. Davis and P. Gabriel and
                  D. Schertzer and G. L. Austin",
    TITLE   = "{Discrete angle radiative transfer. 1. Scaling and
                  similarity, universality and diffusion}",
    JOURNAL = "J. Geophys. Res.",
    VOLUME  = "95",
    YEAR    = "1990",
    PAGES   = "11,699--11,715"}

@ARTICLE{Mankin1992,
  AUTHOR = 	 {Mankin, W. G. and Coffey, M. T. and Goldman, A.},
  TITLE = 	 {Airborne observations of SO$_{2}$, HCl, and O$_{3}$,
                  in the stratospheric plume of the Pinatubo volcano
                  in July 1991},
  JOURNAL = 	 {GRL},
  YEAR = 	 1992,
  VOLUME =	 19,
  PAGES =	 {179--182}
}

@article {Miller2013,
author = {Miller, Gifford H. and Lehman, Scott J. and Refsnider, Kurt A. and Southon, John R. and Zhong, Yafang},
title = {Unprecedented recent summer warmth in Arctic Canada},
journal = {Geophysical Research Letters},
volume = {40},
number = {21},
issn = {1944-8007},
url = {http://dx.doi.org/10.1002/2013GL057188},
doi = {10.1002/2013GL057188},
pages = {5745--5751},
keywords = {Regional climate change, Impacts of global change, Cryospheric change, Abrupt/rapid climate change, Arctic region, recent warming, Arctic, Arctic amplification},
year = {2013},
note = {2013GL057188},
}

@ARTICLE{Moeng-1984,
  AUTHOR = 	 {C.H. Moeng},
  TITLE = 	 {A large-eddy simulation model for the study of planetary
                  boundary-layer turbulence},
  JOURNAL = 	 {J. Atmos. Sci},
  YEAR = 	 1984,
  VOLUME =	 41,
  PAGES =	 {2052--2062}
}

@article{Peterson2015,
  author={J. R. Peterson and J. G. Jernigan and S. M. Kahn and
                  A. P. Rasmussen and E. Peng and Z. Ahmad and
                  J. Bankert and C. Chang and C. Claver and
                  D. K. Gilmore and E. Grace and M. Hannel and
                  M. Hodge and S. Lorenz and A. Lupu and A. Meert and
                  S. Nagarajan and N. Todd and A. Winans and M. Young},
  title={Simulation of Astronomical Images from Optical Survey
                  Telescopes Using a Comprehensive Photon Monte Carlo
                  Approach},
  journal={The Astrophysical Journal Supplement Series},
  volume={218},
  number={1},
  pages={14},
  url={http://stacks.iop.org/0067-0049/218/i=1/a=14},
  year={2015},
}

@ARTICLE{Pierluissi1980,
    AUTHOR  = "Pierluissi, J. H. and Tomiyama, K.",
    TITLE   = "{Numerical methods for the generation of empirical and
                  analytical transmittance functions with applications
                  to trace gases}",
    JOURNAL = AO,
    VOLUME  = "19(14)",
    YEAR    = "1980",
    PAGES   = "2298--2309"}

@BOOK{Pope-2000,
    AUTHOR  = "S. B. Pope",
    TITLE   = "{Turbulent Flows}",
    PUBLISHER = "Cambridge University Press",
    VOLUME  = "",
    YEAR    = "2000"}

@inbook {Prata2003,
title = {Global, Long-Term Sulphur Dioxide Measurements from TOVS Data: A New Tool for Studying Explosive Volcanism and Climate},
author = {Prata, A.J. and Rose, W.I. and Self, S. and O'Brien, D.M.},
publisher = {American Geophysical Union},
isbn = {9781118668542},
url = {http://dx.doi.org/10.1029/139GM05},
doi = {10.1029/139GM05},
pages = {75--92},
keywords = {Volcanic gases—Environmental aspects, Volcanic ash, tuff, etc.—Environmental aspects, Air—Polution},
booktitle = {Volcanism and the Earth's Atmosphere},
year = {2004},
}

@ARTICLE{Randel1996,
    AUTHOR  = "Randel, D. L. and {Vonder Harr}, T. H. and Ringerud,
                  M. A. and Stephens, G. L. and Greenwald, T. J. and
                  C. L. Combs",
    TITLE   = "{A new global water vapor dataset}",
    JOURNAL = BAMS,
    VOLUME  = "77(6)",
    YEAR    = "1996",
    PAGES   = "1233--1246"}

@ARTICLE{Realmuto1994,
  AUTHOR = 	 {Realmuto,~V.~J. and Abrams,~M.~J. and
                  Buongiorno,~M.~F. and Pieri,~D.~C.},
  TITLE = 	 {The use multispectral thermal infrared image data to
                  estimate sulfur dioxide flux from volcanoes: A case
                  study from Mount Etna, Sicily, July 29, 1986},
  JOURNAL = 	 {JGR},
  YEAR = 	 1994,
  VOLUME =	 99,
  PAGES =	 {481--488}
}

\bibitem{} , , {\em J. Quant. Spectrosc. Radiat.
Transfer}, {\bf 60}, 665-Ð710, 1998.
@ARTICLE{Rothman1998,
    AUTHOR  = "Rothman, L. S. and Rinsland, C. P. and Goldman, A. and
                  Massie, S. T. and Edwards, D. P. and Flaud,
                  J. M. and Perrin, A. and Camy-Peyret, C. and Dana,
                  V. and  Mandin, J.-Y. and Schroeder, J. and McCann,
                  A. and Gamache, R. R. and Wattson, R. B. and
                  Yoshino, K. and Chance, K. V. and Jucks, K. W. and
                  Brown, L. R. and Nemtchinov, V. and P. Varanasi",
    TITLE   = "{The HITRAN molecular spectroscopic database and HAWKS
                  (HITRAN atmospheric workstation): 1996 edition}",
    JOURNAL = JQSRT,
    VOLUME  = "60",
    YEAR    = "1998",
    PAGES   = "665-710"}

@ARTICLE{Ruggaber1994,
    AUTHOR  = "A. Ruggaber and R. Dlugi and T. Nakajima",
    TITLE   = "{Modelling of radiation quantities and photolysis
                  frequencies in the troposphere}",
    JOURNAL = JGR,
    VOLUME  = "98",
    YEAR    = "1994",
    PAGES   = "1151--1162"}

@ARTICLE{Sanchez1994,
    AUTHOR  = "A. Sanchez and T. F. Smith and W. F. Krajewski",
    TITLE   = "{A three--dimensional atmospheric radiative transfer
                  model based on the discrete ordinates method}",
    JOURNAL = "Atmos. Res.",
    VOLUME  = "33",
    YEAR    = "1994",
    PAGES   = "283--308"}

@ARTICLE{Saunders1999,
    AUTHOR  = "R. W. Saunders and M. Matricardi and P. Brunel",
    TITLE   = "{An improved fast radiative transfer model for
                  assimilation of satellite radiance observations}",
    JOURNAL = QJRMS,
    VOLUME  = "125",
    YEAR    = "1999",
    PAGES   = "1407--1425"}

@ARTICLE{Schneider1987,
    AUTHOR  = "W. Schneider and G. K. Moortgat and G. S. Tyndall and
                  J. P. Burrows",
    TITLE   = "{Absorption cross section of NO$_2$ in the UV and
                  visible region (200-700~nm) at 298~K}",
    JOURNAL = PP,
    VOLUME  = "40",
    YEAR    = "1987",
    PAGES   = "195--217"}

@Article{Screen2010,
author={Screen, James A.
and Simmonds, Ian},
title={The central role of diminishing sea ice in recent Arctic temperature amplification},
journal={Nature},
year={2010},
month={Apr},
day={29},
publisher={Macmillan Publishers Limited. All rights reserved},
volume={464},
number={7293},
pages={1334-1337},
issn={0028-0836},
doi={10.1038/nature09051},
url={http://dx.doi.org/10.1038/nature09051}
}


@ARTICLE{Titov1990,
    AUTHOR  = "G. A. Titov",
    TITLE   = "{Statistical description of radiation transfer in clouds}",
    JOURNAL = "J. Atmos. Sci.",
    VOLUME  = "47",
    YEAR    = "1990",
    PAGES   = "24--38"}

@ARTICLE{Thorseth1999,
    AUTHOR  = "Trond Morten Thorseth and Berit Kjeldstad",
    TITLE   = "{All-weather ultraviolet solar spectra retrieved at a
                  0.5-Hz smampling rate}",
    JOURNAL = AO,
    VOLUME  = "38",
    YEAR    = "1999",
    PAGES   = "6247--6252"}

@BOOK{Thomas1999,
    AUTHOR  = "Gary E. Thomas and Knut Stamnes",
    TITLE   = "{Radiative Transfer in the Atmosphere and the Ocean}",
    PUBLISHER = "Cambridge University Press",
    VOLUME  = "",
    NOTE    = "ISBN 0521890616",
    YEAR    = "1999"}

@ARTICLE{Wahner1988,
    AUTHOR  = "Andreas Wahner and A. R. Ravishankara and S. P. Sander
                  and R. R. Friedl",
    TITLE   = "{Absorption cross-section of BrO between 312 and 385 nm
                  at 298 and 223K}",
    JOURNAL = CPL,
    VOLUME  = "152",
    YEAR    = "1988",
    PAGES   = "507-512"}

@ARTICLE{Thorarinsson1972,
    AUTHOR  = "Thorarinsson, S. and Sigvakdason, G. E.",
    TITLE   = "{The Hekla eruption of 1970}",
    JOURNAL = BV,
    VOLUME  = "36",
    YEAR    = "1972",
    PAGES   = "269--288"}

@ARTICLE{Webb2004,
  author = 	 {A. R. Webb and A. Kylling and I. Stromberg and
                  E. J{\"a}kel and M. Wendisch},
  title  = 	 "{Airborne measurements of ground and cloud spectral
                  albedo under low aerosol loads}",
  journal = 	 JGR,
  year = 	 2004,
  volume =	 "109D",
  pages =        "doi:10.1029/2004JD004768"
}

@ARTICLE{Wang1996,
  author = 	 {Wang, P. and Lenoble, J.},
  title  = 	 "{Influence of Clouds on UV Irradiance at Ground Level
                   and Backscattered Excittance}",
  journal = 	 {Advances in Atmospheric Sciences},
  year = 	 1996,
  volume =	 13,
  number =	 2,
  month =	 may,
  pages =        {217-228}
}

@Article{Wang2015,
AUTHOR = {Wang, W. and Zender, C. S. and van As, D. and Smeets, P. C. J. P. and van den Broeke, M. R.},
TITLE = {A Retrospective, Iterative, Geometry-Based (RIGB) tilt correction method for radiation observed by Automatic Weather Stations on snow-covered surfaces: application to Greenland},
JOURNAL = {The Cryosphere Discussions},
VOLUME = {9},
YEAR = {2015},
NUMBER = {6},
PAGES = {6025--6060},
URL = {http://www.the-cryosphere-discuss.net/9/6025/2015/},
DOI = {10.5194/tcd-9-6025-2015}
}

@Article{Weiser2015,
AUTHOR = {Weiser, U. and Olefs, M. and Sch\"oner, W. and Weyss, G. and Hynek, B.},
TITLE = {Correction of albedo measurements due to unknown geometry},
JOURNAL = {The Cryosphere Discussions},
VOLUME = {9},
YEAR = {2015},
NUMBER = {3},
PAGES = {2709--2744},
URL = {http://www.the-cryosphere-discuss.net/9/2709/2015/},
DOI = {10.5194/tcd-9-2709-2015}
}

@ARTICLE{Wessel1991,
    AUTHOR  = "P. Wessel and W. H. F. Smith",
    TITLE   = "{Free software helps map and display data}",
    JOURNAL = "Eos Trans. AGU",
    VOLUME  = "72--(41)",
    PAGES   = "441",
    YEAR    = "1991"}

@ARTICLE{Wessel1995,
    AUTHOR  = "P. Wessel and W. H. F. Smith",
    TITLE   = "{New version of the Generic Mapping Tools released}",
    JOURNAL = "EOS Trans. AGU",
    VOLUME  = "76--(33)",
    PAGES   = "329",
    YEAR    = "1995"}

@ARTICLE{Wiscombe1977b,
    AUTHOR  = "W. J. Wiscombe and J. W. Evans",
    TITLE   = "{Exponential-sum fitting of radiative transmission
                  functions}",
    JOURNAL = JCP,
    VOLUME  = "24",
    PAGES   = "416-444",
    YEAR    = "1977"}

@ARTICLE{Zuev1995,
    AUTHOR  = "V. E. Zuev and G. A. Titov",
    TITLE   = "{Radiative transfer in clouds fields with random
                  geometry}",
    JOURNAL = "J. Atmos. Sci.",
    VOLUME  = "52",
    PAGES   = "176-190",
    YEAR    = "1995"}

%GTOPO30. Global 30 Arc Second Elevation Data Set, available at
%http://edcwww.cr.usgs.gov/landdaac/gtopo30/gtopo30.html.

%Wessel, P. and W. H. F. Smith,
%Free software helps map and display data, EOS Trans. AGU, 72, 441,
%445-446, 1991.

%Wessel, P. and W. H. F. Smith,
%New version of the Generic Mapping Tools released,
%EOS Trans. AGU, 76, 329, 1995.
