@STRING{AA="Astron. Astrophys."}
@STRING{AAR="Arctic and Alpine Research"}
@STRING{AAS="Adv. Atmospheric Sciences"}
@STRING{ACP="Atmos. Chem. Phys."}
@STRING{ADG="Advances in Geophysics "}
@STRING{AE="Atmospheric Environment"}
@STRING{AG="Annales Geophysicae"}
@STRING{ANJ="Antarctic Journal of the U.S."}
@STRING{AOG="Annals of Glaciology"}
@STRING{AJ="The Astrophysical Journal"}
@STRING{AM="Ambio"}
@STRING{AMJ="Am. J. Phys."}
@STRING{AMT="Atmos. Meas. Tech."}
@STRING{AMTD="Atmos. Meas. Tech. Discuss."}
@STRING{AO="Appl. Opt."}
@STRING{AOO="Atmos. Oceanic Opt."}
@STRING{AOP="Atmospheric and Oceanic Physics"}
@STRING{AR="Atmospheric Research"}
@STRING{AREE="Annu. Rev. Energy Environ."}
@STRING{ARN="Annu. Rev. Neurosci."}
@STRING{ARNS="Annu. Rev. Nucl. Sci."}
@STRING{ARS="Antarctic Research Series"}
@STRING{AS="American Scientist"}
@STRING{ASR="Adv. Space Res."}
@STRING{ASS="Astrophysics and Space Science"}
@STRING{AST="Aerosol Science and Technology"}
@STRING{ATO="Atmosphere--Ocean"}
@STRING{BAMS="Bulletin of the American Meteorological Society"}
@STRING{BBE="Brain Behav Evol"}
@STRING{BC="Biol. Chem."}
@STRING{BI="Biometrika"}
@STRING{BPA="Beitr. Phys. Atmosph."}
@STRING{BV="Bull Volcanol"}
@STRING{CAP="Cont. Atmos. Physics"}
@STRING{CH="Chemosphere"}
@STRING{CC="Computers Chem."}
@STRING{CD="Climate Dynamics"}
@STRING{CG="Computers \& Geosciences"}
@STRING{CIE="The CIE Journal"}
@STRING{CJP="Can J. Phys."}
@STRING{COIP="Computers in Physics"}
@STRING{COP="Contemp. Phys."}
@STRING{CP="Chem. Phys."}
@STRING{CRST="Cold Regions Science and Technology"}
@STRING{DSR="Deep Sea Res."}
@STRING{E="Elements"}
@STRING{EI="Earth Interactions"}
@STRING{ESR="Earth-Science Reviews"}
@STRING{EHP="Environmental Health Perspectives"}
@STRING{EP="Environmental Pollution"}
@STRING{EPJC="Eur. Phys. J. Conferences"}
@STRING{ER="Environ. Rev."}
@STRING{ESSD="Earth Syst. Sci. Data"}
@STRING{EST="Environ. Sci. Tech."}
@STRING{ET="Eos, Transactions"}
@STRING{ETECH="Environmental Technology"}
@STRING{FTC="Flow, Turbulence and Combustion"}
@STRING{G="Geology"}
@STRING{GBC="Global Biogeochem. Cycles"}
@STRING{GJI="Geophys. J. Int."}
@STRING{GMD="Geosci. Model Dev."}
@STRING{GN="Geophysica Norvegica"}
@STRING{GRL="Geophys. Res. Lett."}
@STRING{GS="Geophysical Surveys"}
@STRING{HP="Health Physics"}
@STRING{I = "ICARUS"}
@STRING{IEEETGRS = "IEEE Transactions on Geoscience and Remote Sensing"}
@STRING{IJC = "Int. J. Climatology"}
@STRING{IJRS = "Int. J. Remote Sensing"}
@STRING{JAC = "J. of Atmospheric Chemistry"}
@STRING{JAM = "J. of Applied Meteorology"}
@STRING{JAMC = "J. of Applied Meteorology and Climatology"}
@STRING{JAOT = "J. Atm. Ocean Technol."}
@STRING{JAS = "J. Atmos. Sci."}
@STRING{JARS = "J. Aerosol. Sci."}
@STRING{JASTP = "J. of Atmos. Solar--Terr. Phys."}
@STRING{JATP = "J. of Atmos. Terr. Phys."}
@STRING{JC = "J. of Climate"}
@STRING{JCLIM = "J. of Climatology"}
@STRING{JCAM = "J. of Climate and Appl. Meteor."}
@STRING{JCIS = "J. of Colloid and Interface Science"}
@STRING{JCP = "J. Chem. Phys."}
@STRING{JCPA = "J Comp Physiol A"}
@STRING{JCOP = "J. Comp. Phys."}
@STRING{JETPL = "JETP Lett."}
@STRING{JG="J. Glaciology"}
@STRING{JGR="J. Geophys. Res."}
@STRING{JMA="J. Math. Phys."}
@STRING{JMSJ="J. Met. Soc. of Japan"}
@STRING{JO="J. of Oceanography"}
@STRING{JOCP="J. Com. Phys."}
@STRING{JOSA="J. Opt. Soc. Am."}
@STRING{JPC="J. Phys. Chem."}
@STRING{JPM="J. Phys. A: Math. Gen."}
@STRING{JPO="J. Phys. Oceanogr."}
@STRING{JPPA="J. Photochem. Photobiol. A"}
@STRING{JQSRT="J. Quant. Spectrosc. Radiat. Transfer"}
@STRING{JVGR="Journal of Volcanology and Geothermal Research"}
@STRING{LNC="Lettere al Nuovo Cimento"}
@STRING{LO="Limnol. Oceanogr."}
@STRING{MAP="Meteorol. Atmos. Phys."}
@STRING{MEPS="Mar. Ecol. Prog. Ser."}
@STRING{MET="Metrologia"}
@STRING{MIC="Modelling, identification and control"}
@STRING{MM="Meteorological Magazine"}
@STRING{MNRAS="Mon. Not. R. Astr. Soc"}
@STRING{MWR="Monthly Weather Review"}
@STRING{N="Nature"}
@STRING{NIM="Nuclear Instruments and Methods"}
@STRING{NIMPR="Nuclear Instruments and Methods in Physics Research"}
@STRING{NH="Nordic Hydrology"}
@STRING{NP="Nuclear Physics"}
@STRING{NPG="Nonlinear Processes in Geophysics"}
@STRING{NSE="Nuclear Science and Engineering"}
@STRING{O="Oceanography"}
@STRING{OA="Optica Acta"}
@STRING{OE="Optical Engineering"}
@STRING{OPEX="Optics Express"}
@STRING{OL="Origins of Life"}
@STRING{OQE="Optical and Quantum Electronics"}
@STRING{PA="Physica A"}
@STRING{PAC="Particle Accelrators"}
@STRING{PAG="Pure Appl. Geophys."}
@STRING{PASJ="Pub. Astron. Soc. of Japan"}
@STRING{PC="Parallel Computing"}
@STRING{PCCP="Phys. Chem. Chem. Phys."}
@STRING{PCE="Phys. Chem. Earth"}
@STRING{PHILA="Phil. Trans. R. Soc. Lond. A"}
@STRING{PHILB="Phil. Trans. R. Soc. Lond. B"}
@STRING{PHN="Public Health Nutrition"}
@STRING{PLA="Physics Letters A"}
@STRING{PLB="Physics Letters B"}
@STRING{PLoSONE="PLoS ONE"}
@STRING{PMB="Phys. Med. Biol."}
@STRING{PNAS="Proceedings of the National Academy of Sciences of the
                  United States of America"}
@STRING{PREV="Physical Review"}
@STRING{PREVL="Physical Review Letters"}
@STRING{PRD="Physical Review D"}
@STRING{PP="Photochem. Photobiol."}
@STRING{PPP="Photodermatol Photoimmunol Photomed"}
@STRING{PD="Photodermatology"}
@STRING{PO="Prog. Oceanog."}
@STRING{PSS="Planet. Space Sci."}
@STRING{PR="Polar Research"}
@STRING{PROCA="Proc. R. Soc. Lond. A"}
@STRING{PROCB="Proc. R. Soc. Lond. B"}
@STRING{PT="Physics Today"}
@STRING{PW="Physics World"}
@STRING{QJRMS="Q. J. R. Meteorol. Soc."}
@STRING{RFAL="Rend. Fis. Acc. Lincei"}
@STRING{RG="Reviews of Geophysics"}
@STRING{RGSP="Rev. Geophys. Space Phys."}
@STRING{RMP="Rev. Modern. Phys."}
@STRING{RPD="Radiation Protection Dosimetry"}
@STRING{RS="Radio Science"}
@STRING{RSE="Remote Sens. Environ."}
@STRING{RSR="Remote Sensing Reviews"}
@STRING{S="Science"}
@STRING{SC="Scanning"}
@STRING{SE="Solar Energy"}
@STRING{SG="Surveys in Geophysics"}
@STRING{SJAM="SIAM J. Appl. Math."}
@STRING{SJNA="SIAM J. Numer. Anal."}
@STRING{SN="Science News"}
@STRING{SP="Solar Physics"}
@STRING{SPJ="Sov. Phys.--JETP"}
@STRING{SPU="Sov. Phys. Usp."}
@STRING{SSR="Space Sci. Rev."}
@STRING{T="Tellus"}
@STRING{TAN="The American Naturalist"}
@STRING{TAS="The Annals of Statistics"}
@STRING{TAC="Theor. Appl. Climatol."}
@STRING{TDNL="Tidsskrift for Den norske l{\ae}geforening"}
@STRING{TPP="Trends in Photochem. Photobiol."}
@STRING{ZN="Z. Naturforsch."}

@ARTICLE{Hasager2010,
    AUTHOR  = "C. Bay Hasager and W. Birmili and
                  G. Pappalardo and F. Prata",
    TITLE   = "{(Editors), Atmospheric implications of the volcanic eruptions of
                  Eyjafjallaj{\"o}kull, Iceland 2010}",
    JOURNAL = ACP,
    YEAR    = "2010",
URL = {http://www.atmos-chem-phys.net/special_issues212.html}}


@ARTICLE{JGR2011,
    AUTHOR  = "{JGR Special Section}",
    TITLE   = "{The Eyjafjallaj{\"o}kull volcanic eruption 2010}",
    VOLUME = "116-117",
    JOURNAL = JGR,
    YEAR    = "2011-2012"}
